@book{epsilonBook,
author="Dimitros Kovolos",
title="Epsilon Book",
url="http://www.eclipse.org/epsilon/doc/book/",
year=2013 }

@book{brambillaBook,
  added-at = {2012-11-11T00:00:00.000+0100},
  author = {Brambilla, Marco and Cabot, Jordi and Wimmer, Manuel},
  biburl = {http://www.bibsonomy.org/bibtex/2767c1c91865855ff77b8cf0b8fb72900/dblp},
  ee = {http://dx.doi.org/10.2200/S00441ED1V01Y201208SWE001},
  interhash = {4459cf53e67513893efccacd17dc6e82},
  intrahash = {767c1c91865855ff77b8cf0b8fb72900},
  keywords = {dblp},
  publisher = {Morgan \& Claypool Publishers},
  series = {Synthesis Lectures on Software Engineering},
  timestamp = {2012-11-11T00:00:00.000+0100},
  title = {Model-Driven Software Engineering in Practice},
  url = {http://dx.doi.org/10.2200/S00441ED1V01Y201208SWE001},
  year = 2012
}

@journal{mdeHistory,
author="Mark R. Blackburn",
company="Systems and Software Consortium",
year=2008,
URL="http://www.knowledgebytes.net/downloads/Whats_MDE_and_How_Can_it_Impact_me.pdf",
accessed="2013/11/05" }

@book{mdseLano,
  title={Model-Driven Software Development With UML and Java},
  author={Lano, K.},
  isbn={9781844809523},
  url={http://books.google.co.uk/books?id=reJSPgAACAAJ},
  year={2009},
  publisher={Course Technology Cengage Learning}
}


@misc{epsilonWebsite,
author="York Uni Epsilon Team",
year=2013,
URL="https://www.eclipse.org/epsilon/" }

@misc{eclipseModelingProjectSite,
URL="http://www.eclipse.org/modeling/",
author="Eclipse",
accessed="8/11/2013",
year=2013 }

@misc{eugeniaSite,
URL="http://www.eclipse.org/epsilon/doc/eugenia/",
author="Epsilon Project",
accessed="8/11/2013",
year=2013 }

@inproceedings{eugeniaLivePaper,
 author = {Rose, Louis M. and Kolovos, Dimitrios S. and Paige, Richard F.},
 title = {EuGENia Live: A Flexible Graphical Modelling Tool},
 booktitle = {Proceedings of the 2012 Extreme Modeling Workshop},
 series = {XM '12},
 year = {2012},
 isbn = {978-1-4503-1804-4},
 location = {Innsbruck, Austria},
 pages = {15--20},
 numpages = {6},
 url = {http://doi.acm.org/10.1145/2467307.2467311},
 doi = {10.1145/2467307.2467311},
 acmid = {2467311},
 publisher = {ACM},
 address = {New York, NY, USA},
 keywords = {domain-specific languages, flexible modelling, model-driven engineering},
} 

@misc{ariane5,
author="Douglas N. Arnold",
date="23/8/2000",
accessed="17/11/2013",
title="The Explosion of the Ariane 5",
URL="http://www.ima.umn.edu/~arnold/disasters/ariane.html" }

@book{softwareTestingIntro,
 author = {Ammann, Paul and Offutt, Jeff},
 title = {Introduction to Software Testing},
 year = {2008},
 isbn = {0521880386, 9780521880381},
 edition = {1},
 publisher = {Cambridge University Press},
 address = {New York, NY, USA},
}

@article{mttBarriers,
 author = {Baudry, Benoit and Ghosh, Sudipto and Fleurey, Franck and France, Robert and Le Traon, Yves and Mottu, Jean-Marie},
 title = {Barriers to Systematic Model Transformation Testing},
 journal = {Commun. ACM},
 issue_date = {June 2010},
 volume = {53},
 number = {6},
 month = jun,
 year = {2010},
 issn = {0001-0782},
 pages = {139--143},
 numpages = {5},
 url = {http://doi.acm.org/10.1145/1743546.1743583},
 doi = {10.1145/1743546.1743583},
 acmid = {1743583},
 publisher = {ACM},
 address = {New York, NY, USA},
}

@article{fleureyMTInputs,
year={2009},
issn={1619-1366},
journal={Software \& Systems Modeling},
volume={8},
number={2},
doi={10.1007/s10270-007-0074-8},
title={Qualifying input test data for model transformations},
url={http://dx.doi.org/10.1007/s10270-007-0074-8},
publisher={Springer-Verlag},
keywords={Software testing; Model transformation; Test criteria; Test qualification; Metamodelling; Model-based testing},
author={Fleurey, Franck and Baudry, Benoit and Muller, Pierre-Alain and Traon, YvesLe},
pages={185-203},
language={English}
}

@INPROCEEDINGS{mttOracleIssue, 
author={Mottu, J.-M. and Baudry, B. and Le Traon, Y.}, 
booktitle={Software Testing Verification and Validation Workshop, 2008. ICSTW '08. IEEE International Conference on}, 
title={Model transformation testing: oracle issue}, 
year={2008}, 
pages={105-112}, 
keywords={program testing;program verification;model driven engineering techniques;model transformation testing;model-driven development;oracle function;Automatic testing;Automation;Conferences;Context modeling;Model driven engineering;Software testing;System testing;Telecommunications;Unified modeling language}, 
doi={10.1109/ICSTW.2008.27},}

@misc{gmpSite,
author="Eclipse",
URL="http://www.eclipse.org/modeling/gmp/",
date="2013",
accessed="21/11/2013" }

@misc{gmpFAQ,
author="Eclipse",
title="GMF FAQ",
URL="http://wiki.eclipse.org/Graphical_Modeling_Framework_FAQ",
date="2013",
accessed="21/11/2013" }

@INPROCEEDINGS{497650, 
author={Del Frate, F. and Garg, P. and Mathur, A.P. and Pasquini, A.}, 
booktitle={Software Reliability Engineering, 1995. Proceedings., Sixth International Symposium on}, 
title={On the correlation between code coverage and software reliability}, 
year={1995}, 
month={Oct}, 
pages={124-132},
ISSN={1071-9458}}

@book{Myers:2004:AST:983238,
 author = {Myers, Glenford J. and Sandler, Corey},
 title = {The Art of Software Testing},
 year = {2004},
 isbn = {0471469122},
 publisher = {John Wiley \& Sons}
} 

@ARTICLE{1702388, 
author={McCabe, T.J.}, 
journal={Software Engineering, IEEE Transactions on}, 
title={A Complexity Measure}, 
year={1976}, 
month={Dec}, 
volume={SE-2}, 
number={4}, 
pages={308-320},
doi={10.1109/TSE.1976.233837}, 
ISSN={0098-5589}}

@ARTICLE{1658851, 
author={Gannon, C.}, 
journal={Computer}, 
title={Error Detection Using Path Testing and Static Analysis}, 
year={1979}, 
month={Aug}, 
volume={12}, 
number={8}, 
pages={26-31},
doi={10.1109/MC.1979.1658851}, 
ISSN={0018-9162},}

@misc{stakeholderDef,
author = {Business Insider},
title = {What is stakeholder?},
year = {2014},
howpublished={Online},
url = {http://www.businessdictionary.com/definition/stakeholder.html},
urldate = {31/3/2014},
}

@Misc{ESG,
author = {The University of York},
title = {Enterprise Systems Group},
howpublished = {Online},
URL = {https://www.cs.york.ac.uk/research/research-groups/es/},
}

@online{sampleModel,
author = {Eclipse},
title = {Creating an EMF 1.1 Model using a Graphical Editor},
date = {2014-04-22},
url = {http://www.eclipse.org/modeling/emf/docs/1.x/tutorials/glibmod/glibmod_emf1.1.html}
}

@manual{umlSpec,
author = {Object Management Group},
title = {Unified Modeling Language},
date = {2011-08},
url = {http://www.omg.org/spec/UML/},
urldate = {2014-04-22},
}

@online{appleBug,
author={Imperial Violet},
title={Apple's SSL/TLS Bug},
date={2014-02-22},
urldate={2014-04-29},
url={https://www.imperialviolet.org/2014/02/22/applebug.html}
}

@online{patriotMissile,
author = {The Honorable Howard Wolpe},
title = {GAO Report: Patriot Missile System},
date = {1992-02-04},
url = {http://www.fas.org/spp/starwars/gao/im92026.htm},
urldate = {2014-04-22}
}

@online{gmfIntro,
author = {Marie Gouyette},
title = {Chapter 2. Getting started with GMF},
date = {2010-11-03},
url = {http://www.kermeta.org/docs/fr.irisa.triskell.kermeta.samples.fsm.documentation/build/html.chunked/KerMeta-Create-FSM-Graphical-Editor-With-GMF/index.html},
urldate = {2014-04-22}
}

@online{EclEmma,
author={Marc R. Hoffmann},
title={ElcEmma - Java Code Coverage for Eclipse},
date={2012-09-27},
urldate={2014-04-28},
url={http://www.eclemma.org/}
}

@online{JaCoCo,
author={Marc R. Hoffmann},
title={JaCoCo - Java Code Coverage},
date={2014-04-17},
urldate={2014-04-28},
url={http://www.eclemma.org/jacoco/trunk/index.html}
}

@online{NCover,
title={NCover | .NET Code Coverage},
date={2014-04-28},
urldate={2014-04-28},
url={https://www.ncover.com/}
}

@book{grune2000modern,
  title={Modern compiler design},
  author={Grune, D.},
  isbn={9780471976974},
  lccn={00032097},
  series={Worldwide series in computer science},
  url={http://books.google.co.uk/books?id=maVQAAAAMAAJ},
  year={2000},
  publisher={John Wiley}
}

@online{GraphViz,
title={Graphviz - Graph Visualization Software},
date={2014-04-28},
urldate={2014-04-28},
url={http://www.graphviz.org/}
}

@online{DOT,
title={The DOT Language},
date={2014-04-28},
urldate={2014-04-28},
url={http://www.graphviz.org/doc/info/lang.html}
}

@online{fowlerMDE,
title={Model Driven Software Development},
date={2008-07-14},
urldate={2014,04,28},
url="http://martinfowler.com/bliki/ModelDrivenSoftwareDevelopment.html",
author={Martin Fowler}
}

@Article{Crow:1987:OT,
  author =       "Franklin C. Crow",
  title =        "The origins of the teapot",
  journal =      j-IEEE-CGA,
  volume =       "7",
  number =       "1",
  pages =        "8--19",
  month =        jan,
  year =         "1987",
  CODEN =        "ICGADZ",
  ISSN =         "0272-1716 (print), 1558-1756 (electronic)",
  ISSN-L =       "0272-1716",
  bibsource =    "Graphics/siggraph/87.bib;
                 http://www.math.utah.edu/pub/tex/bib/ieeecga.bib",
  acknowledgement = ack-nhfb,
  annote =       "Displays on Display",
  fjournal =     "IEEE Computer Graphics and Applications",
  journal-URL =  "http://www.computer.org/portal/web/csdl/magazines/cga",
}

@online{softwareTestingBranchDecision,
author={Software Testing Mentor},
title={Decision Coverage or Branch Coverage},
urldate={2014-04-29},
url={http://www.softwaretestingmentor.com/test-design-techniques/decision-coverage/}
}

@online{hitexBranchDecision,
author={hitex Development Tools},
url={http://www.hitex.co.uk/index.php?id=branch-decision-coverage-c-1},
urldate={2014-04-29},
title={Branch / Decision Coverage (C1)}
}

@online{tmgBranchDecision,
author={RuleWorks},
title={BS7925-2 Annex B - Guidelines for Testing and Test Measurement},
urldate={2014-04-29},
url={http://www.ruleworks.co.uk/testguide/BS7925-2-Annex-B7.asp}
}

@online{bullsEyeBranchDecision,
author={Bullseye Testing Technology},
date={1996},
urldate={2014-04-29},
url={http://www.bullseye.com/coverage.html}
title={Code Coverage Analysis}
}

@online{dotCover,
author={JetBrains},
urldate={2014-04-29},
title={.NET Code Coverage Tool},
url={http://www.jetbrains.com/dotcover/}
}

@online{pascalSwitch,
author={Dr. David Pearce},
url={http://whiley.org/2011/10/26/fall-through-by-default-switch-statements/},
date={2011-11-26},
urldate={2014-04-29},
title={Fall-Through by Default for Switch Statements?}
}

@online{compilersIntro,
author={Tim Teitelbaum},
url={http://www.cs.cornell.edu/courses/cs412/2008sp/lectures/lec24.pdf},
title={Introduction to Compilers}
}

@book{budinsky2009emf,
  title={EMF: Eclipse Modeling Framework},
  author={Budinsky, F. and Steinberg, D. and Merks, E.},
  isbn={9780321331885},
  lccn={2007049160},
  series={Eclipse (Addison-Wesley)},
  url={http://books.google.co.uk/books?id=oAYcAAAACAAJ},
  year={2009},
  publisher={Addison Wesley Professional}
}

@inproceedings{Royce:1987:MDL:41765.41801,
 author = {Royce, W. W.},
 title = {Managing the Development of Large Software Systems: Concepts and Techniques},
 booktitle = {Proceedings of the 9th International Conference on Software Engineering},
 series = {ICSE '87},
 year = {1987},
 isbn = {0-89791-216-0},
 location = {Monterey, California, USA},
 pages = {328--338},
 numpages = {11},
 url = {http://dl.acm.org/citation.cfm?id=41765.41801},
 acmid = {41801},
 publisher = {IEEE Computer Society Press},
 address = {Los Alamitos, CA, USA},
} 